
@article{fowles2014,
  title = {Public Employee Quality in a Geographic Context a Study of Rural Teachers},
  volume = {44},
  url = {http://arp.sagepub.com/content/44/5/503.short},
  doi = {10.1177/0275074012474714},
  timestamp = {2017-05-29T20:02:14Z},
  number = {5},
  journaltitle = {The American Review of Public Administration},
  author = {Fowles, Jacob and Butler, J. S. and Cowen, Joshua M. and Streams, Megan E. and Toma, Eugenia F.},
  date = {2014},
  pages = {503--521}
}

@book{macleod2015,
  location = {{London}},
  title = {Supporting the Attainment of Disadvantaged Pupils: Articulating Success and Good Practice},
  isbn = {978-1-78105-518-2},
  url = {https://www.gov.uk/government/uploads/system/uploads/attachment_data/file/473974/DFE-RR411_Supporting_the_attainment_of_FSM_students.pdf},
  pagetotal = {146},
  timestamp = {2017-05-29T19:57:54Z},
  langid = {english},
  publisher = {{Department for Education}},
  author = {Macleod, Shona and Sharp, Caroline and Bernadinelli, Daniele and Skipp, Amy and Higgins, Steve},
  date = {2015}
}

@article{pateman2011,
  title = {Rural and Urban Areas: Comparing Lives Using Rural/Urban Classifications},
  volume = {43},
  url = {http://www.palgrave-journals.com/rt/journal/v43/n1/abs/rt20112a.html},
  doi = {doi:10.1057/rt.2011.2},
  shorttitle = {Rural and Urban Areas},
  timestamp = {2017-05-29T20:02:00Z},
  number = {1},
  journaltitle = {Regional Trends},
  author = {Pateman, Tim},
  date = {2011},
  pages = {11--86}
}

@report{departmentforeducation2016,
  location = {{London}},
  title = {Revised {{GCSE}} and Equivalent Results in {{England}}, 2014 to 2015},
  url = {https://www.gov.uk/government/statistics/revised-gcse-and-equivalent-results-in-england-2014-to-2015},
  timestamp = {2017-05-29T19:56:27Z},
  number = {SFR 01/2016},
  series = {Statistics: GCSEs (key stage 4)},
  institution = {{Department for Education}},
  type = {Statistical {{First Release}}},
  author = {{Department for Education}},
  date = {2016}
}

@article{morgan2013,
  title = {How Parental and School Responses to Choice Policies Reconfigure a Rural Education Market in {{Victoria}}, {{Australia}}},
  volume = {45},
  issn = {0022-0620, 1478-7431},
  url = {http://www.tandfonline.com/doi/abs/10.1080/00220620.2013.730506},
  doi = {10.1080/00220620.2013.730506},
  timestamp = {2017-05-29T20:00:10Z},
  langid = {english},
  number = {1},
  journaltitle = {Journal of Educational Administration and History},
  author = {Morgan, Rosemary and Blackmore, Jill},
  date = {2013},
  pages = {84--109}
}

@article{mcculloch2006,
  title = {Variation in Children's Cognitive and Behavioural Adjustment between Different Types of Place in the {{British National Child Development Study}}},
  volume = {62},
  issn = {02779536},
  url = {http://linkinghub.elsevier.com/retrieve/pii/S0277953605004661},
  doi = {10.1016/j.socscimed.2005.08.048},
  timestamp = {2017-05-29T20:02:06Z},
  langid = {english},
  number = {8},
  journaltitle = {Social Science \& Medicine},
  author = {McCulloch, Andrew},
  date = {2006},
  pages = {1865--1879}
}

@report{wilshaw2015,
  location = {{London}},
  title = {The Annual Report of {{Her Majesty}}'s {{Chief Inspector}} of {{Education}}, {{Children}}'s {{Services}} and {{Skills}} 2014/15},
  url = {https://www.gov.uk/government/uploads/system/uploads/attachment_data/file/483347/Ofsted_annual_report_education_and_skills.pdf},
  timestamp = {2017-06-15T12:48:38Z},
  langid = {english},
  institution = {{Ofsted}},
  type = {Annual {{Report}}},
  author = {Wilshaw, Michael},
  date = {2015}
}

@report{armstrong2015,
  location = {{London}},
  title = {Effective School Partnerships and Collaboration for School Improvement: A Review of the Evidence: {{Research}} Report},
  url = {http://dera.ioe.ac.uk/24523/1/DFE-RR466_-_School_improvement_effective_school_partnerships.pdf},
  shorttitle = {Effective School Partnerships and Collaboration for School Improvement},
  timestamp = {2017-06-02T22:00:16Z},
  institution = {{Department of Education}},
  author = {Armstrong, Paul},
  date = {2015}
}

@report{gibbons2010,
  location = {{London}},
  title = {Do Neighbours Affect Teenage Outcomes?: Evidence from Neighbourhood Changes in {{England}}},
  url = {http://eprints.lse.ac.uk/30797/},
  shorttitle = {Do Neighbours Affect Teenage Outcomes?},
  timestamp = {2017-05-29T20:01:52Z},
  number = {63},
  institution = {{Spatial Economics Research Centre}},
  type = {Serc {{Discussion Paper}}},
  author = {Gibbons, Stephen and Silva, Olmo and Weinhardt, Felix},
  date = {2010}
}

@article{bradley2001,
  title = {The Effect of Competition on the Efficiency of Secondary Schools in {{England}}},
  volume = {135},
  url = {http://www.sciencedirect.com/science/article/pii/S0377221700003283},
  doi = {10.1016/S0377-2217(00)00328-3},
  timestamp = {2017-05-29T20:01:25Z},
  number = {3},
  journaltitle = {European Journal of Operational Research},
  author = {Bradley, Steve and Johnes, Geraint and Millington, Jim},
  date = {2001},
  pages = {545--568}
}

@report{green2010,
  location = {{London}},
  title = {Educational {{Attainment Among Young People}} in {{Rural England}} – {{A Multilevel Analysis}}},
  timestamp = {2017-05-29T19:57:44Z},
  number = {4.2},
  institution = {{International Centre for Lifecourse Studies}},
  type = {An {{ESRC Research Centre ICLS Occasional Paper Series}}},
  author = {Green, Rosie},
  date = {2010}
}

@article{glennerster1991,
  title = {Quasi-Markets for Education?},
  volume = {101},
  doi = {10.2307/2234442},
  timestamp = {2017-05-29T20:06:02Z},
  number = {408},
  journaltitle = {The economic journal},
  author = {Glennerster, Howard},
  date = {1991},
  pages = {1268--1276},
  keywords = {Education Policy Option}
}

@report{officefornationalstatistics2013,
  location = {{Newport}},
  title = {2011 {{Census Analysis}} - {{Comparing Rural}} and {{Urban Areas}} of {{England}} and {{Wales}}},
  url = {http://www.ons.gov.uk/ons/rel/census/2011-census-analysis/rural-urban-analysis/comparing-rural-and-urban-areas-of-england-and-wales.html},
  timestamp = {2017-05-29T20:02:08Z},
  institution = {{Office for National Statistics}},
  type = {Census {{Release}}},
  author = {{Office for National Statistics}},
  date = {2013}
}

@article{muijs2008,
  title = {Widening Opportunities? {{A}} Case Study of School-to-School Collaboration in a Rural District},
  volume = {11},
  issn = {1365-4802},
  url = {http://imp.sagepub.com/cgi/doi/10.1177/1365480207086755},
  doi = {10.1177/1365480207086755},
  shorttitle = {Widening Opportunities?},
  timestamp = {2017-05-29T20:01:28Z},
  langid = {english},
  number = {1},
  journaltitle = {Improving Schools},
  author = {Muijs, D.},
  date = {2008},
  pages = {61--73}
}

@report{blanden2015,
  title = {Understanding the Improved Performance of Disadvantaged Pupils in {{London}}},
  url = {http://sticerd.lse.ac.uk/dps/case/spcc/WP21.pdf},
  timestamp = {2017-05-29T20:01:39Z},
  institution = {{Centre for Analysis of Social Exclusion, LSE}},
  author = {Blanden, Jo and Greaves, Ellen and Gregg, Paul and Macmillan, Lindsey and Sibieta, Luke},
  date = {2015}
}

@report{sammons2014,
  location = {{London}},
  title = {Influences on Students’ {{GCSE}} Attainment and Progress at Age 16},
  url = {http://dera.ioe.ac.uk/20875/1/RR352_-_Influences_on_Students_GCSE_Attainment_and_Progress_at_Age_16.pdf},
  timestamp = {2017-05-29T19:58:29Z},
  series = {Effective Pre-School, Primary \& Secondary Education Project (EPPSE)},
  institution = {{Department for Education}},
  type = {Research {{Brief}}},
  author = {Sammons, Pam and Sylva, Kathy and Melhuish, Edward and Siraj, Iram and Taggart, Brenda and Toth, Katalin and Smees, Rebecca},
  date = {2014}
}

@article{bradley2002,
  title = {The {{Effect}} of the {{Quasi}}–market on the {{Efficiency}}–equity {{Trade}}–off in the {{Secondary School Sector}}},
  volume = {54},
  doi = {10.1111/1467-8586.00154},
  timestamp = {2017-05-29T20:00:06Z},
  number = {3},
  journaltitle = {Bulletin of Economic Research},
  author = {Bradley, Steve and Taylor, Jim},
  date = {2002},
  pages = {295--314},
  keywords = {Education Policy Option}
}

@report{hutchings2012,
  location = {{London}},
  title = {Evaluation of the {{City Challenge}} Programme},
  url = {https://www.gov.uk/government/uploads/system/uploads/attachment_data/file/184093/DFE-RR215.pdf},
  timestamp = {2016-04-07T12:45:49Z},
  number = {DFE-RR215},
  institution = {{Department for Education}},
  type = {Research {{Report}}},
  author = {Hutchings, Merryn and Greenwood, Charley and Hollingworth, Sumi and Mansaray, Ayo and Rose, Anthea and Minty, Sarah and Glass, Katy},
  date = {2012}
}

@report{nationalcentreforsocialresearch2009,
  location = {{London}},
  title = {Educational {{Attainment}} in {{Rural Areas}}},
  url = {https://www.gov.uk/government/uploads/system/uploads/attachment_data/file/222370/DEFRA-2009-12-02.pdf},
  timestamp = {2017-05-29T19:58:18Z},
  langid = {english},
  institution = {{Department for Education}},
  author = {{National Centre for Social Research}},
  date = {2009}
}

@report{sylva2014,
  location = {{London}},
  title = {Students’ Educational and Developmental Outcomes at Age 16 {{Effective Pre}}-School, {{Primary}} and {{Secondary Education}} ({{EPPSE}} 3-16) {{Project}}},
  url = {http://dera.ioe.ac.uk/20873/1/RR354_-_Students__educational_and_developmental_outcomes_at_age_16.pdf},
  shorttitle = {Students’ Educational and Developmental Outcomes at Age 16 {{Effective Pre}}-School, {{Primary}} and {{Secondary Education}} ({{EPPSE}} 3-16) {{Project}}},
  timestamp = {2017-05-29T20:01:31Z},
  number = {RR354},
  institution = {{Department for Education}},
  type = {Department for {{Education Research Report}}},
  author = {Sylva, Kathy and Melhuish, Edward and Sammons, Pam and Siraj, Iram and Taggart, Brenda},
  editora = {Smees, Rebecca and Toth, Katalin and Welcomme, Wesley and Hollingworth, Katie},
  editoratype = {collaborator},
  date = {2014}
}

@article{bynner2002,
  title = {Equality and {{Opportunity}} in {{Education}}: {{Evidence}} from the 1958 and 1970 Birth Cohort Studies},
  volume = {28},
  issn = {0305-4985, 1465-3915},
  url = {http://www.tandfonline.com/doi/abs/10.1080/0305498022000013599},
  doi = {10.1080/0305498022000013599},
  shorttitle = {Equality and {{Opportunity}} in {{Education}}},
  timestamp = {2017-06-02T21:55:21Z},
  langid = {english},
  number = {4},
  journaltitle = {Oxford Review of Education},
  author = {Bynner, John and Joshi, Heather E.},
  date = {2002},
  pages = {405--425}
}

@software{giraud2016,
  title = {Osrm: {{Interface Between R}} and the {{OpenStreetMap}}-{{Based Routing Service OSRM}}},
  url = {https://CRAN.R-project.org/package=osrm},
  timestamp = {2016-03-24T16:25:34Z},
  author = {Giraud, Timothée},
  date = {2016}
}

@article{gibbons2013,
  title = {Everybody {{Needs Good Neighbours}}? {{Evidence}} from {{Students}}’ {{Outcomes}} in {{England}}},
  volume = {123},
  issn = {00130133},
  url = {http://doi.wiley.com/10.1111/ecoj.12025},
  doi = {10.1111/ecoj.12025},
  shorttitle = {Everybody {{Needs Good Neighbours}}?},
  timestamp = {2017-05-29T20:01:44Z},
  langid = {english},
  number = {571},
  journaltitle = {The Economic Journal},
  author = {Gibbons, Stephen and Silva, Olmo and Weinhardt, Felix},
  date = {2013},
  pages = {831--874}
}

@report{departmentforeducation2015a,
  location = {{London}},
  title = {Special Educational Needs in {{England}}: {{January}} 2015},
  timestamp = {2017-05-29T19:56:17Z},
  number = {SFR 23/2015},
  institution = {{Department for Education}},
  type = {Statistical {{First Release}}},
  author = {{Department for Education}},
  date = {2015}
}

@article{sullivan2013,
  title = {How Do School Resources and Academic Performance Differ across {{Australia}}’s Rural, Regional and Metropolitan Communities?},
  volume = {40},
  issn = {0311-6999, 2210-5328},
  url = {http://link.springer.com/10.1007/s13384-013-0100-5},
  doi = {10.1007/s13384-013-0100-5},
  timestamp = {2017-05-29T20:02:52Z},
  langid = {english},
  number = {3},
  journaltitle = {The Australian Educational Researcher},
  author = {Sullivan, Kevin and Perry, Laura B. and McConney, Andrew},
  date = {2013},
  pages = {353--372}
}

@article{halsey2014,
  title = {Reasons and Motivations of School Leaders Who Apply for Rural, Regional and Remote Locations in {{Australia}}},
  volume = {41},
  issn = {1839-7387},
  url = {http://search.informit.com.au/documentSummary;dn=197128019546363;res=IELHSS},
  timestamp = {2017-05-29T20:01:35Z},
  number = {1},
  journaltitle = {Australian and International Journal of Rural Education},
  author = {Halsey, R. John and Drummond, Aaron},
  date = {2014},
  pages = {69--77}
}

@article{townsend2013,
  title = {Enhanced Broadband Access as a Solution to the Social and Economic Problems of the Rural Digital Divide},
  volume = {28},
  issn = {0269-0942, 1470-9325},
  url = {http://lec.sagepub.com/lookup/doi/10.1177/0269094213496974},
  doi = {10.1177/0269094213496974},
  timestamp = {2017-05-29T20:01:20Z},
  langid = {english},
  number = {6},
  journaltitle = {Local Economy},
  author = {Townsend, L. and Sathiaseelan, A. and Fairhurst, G. and Wallace, C.},
  date = {2013},
  pages = {580--595}
}

@report{departmentforeducation2015b,
  location = {{London}},
  title = {{{GCSE}} and Equivalent Attainment by Pupil Characteristics, 2013 to 2014 ({{Revised}})},
  url = {https://www.gov.uk/government/statistics/gcse-and-equivalent-attainment-by-pupil-characteristics-2014},
  timestamp = {2017-05-29T20:01:42Z},
  number = {SFR06/2015},
  series = {Statistics: GCSEs (key stage 4)},
  institution = {{Department for Education}},
  type = {Statistical {{First Release}}},
  author = {{Department for Education}},
  date = {2015}
}

@report{departmentforeducation2014b,
  location = {{London}},
  title = {{{GCSE}} and Equivalent Attainment by Pupil Characteristics in {{England}}: 2012/13},
  url = {https://www.gov.uk/government/statistics/gcse-and-equivalent-attainment-by-pupil-characteristics-2012-to-2013},
  shorttitle = {{{GCSE}} and Equivalent Attainment by Pupil Characteristics in {{England}}},
  timestamp = {2017-05-29T20:01:47Z},
  number = {SFR05/2014},
  series = {Statistics: GCSEs (key stage 4)},
  institution = {{Department for Education}},
  type = {Statistical {{First Release}}},
  author = {{Department for Education}},
  date = {2014}
}

@article{gibbons2008a,
  title = {Urban Density and Pupil Attainment},
  volume = {63},
  issn = {00941190},
  url = {http://linkinghub.elsevier.com/retrieve/pii/S0094119007000721},
  doi = {10.1016/j.jue.2007.04.006},
  timestamp = {2017-05-29T20:01:55Z},
  langid = {english},
  number = {2},
  journaltitle = {Journal of Urban Economics},
  author = {Gibbons, Stephen and Silva, Olmo},
  date = {2008},
  pages = {631--650}
}

@report{departmentforeducation2015c,
  location = {{London}},
  title = {Special Educational Needs and Disability Code of Practice: 0 to 25 Years},
  abstract = {Statutory guidance for organisations which work with and support children and young people who have special educational needs or disabilities},
  timestamp = {2017-05-29T19:56:14Z},
  institution = {{Department for Education}},
  author = {{Department for Education}},
  date = {2015}
}

@report{departmentforeducation2016b,
  location = {{London}},
  title = {Educational {{Excellence Everywhere}}},
  url = {https://www.gov.uk/government/publications/educational-excellence-everywhere},
  timestamp = {2017-06-15T12:43:45Z},
  langid = {english},
  number = {Cm 9230},
  institution = {{Department for Education}},
  type = {Policy {{Paper}}},
  author = {{Department for Education}},
  date = {2016}
}

@book{broadhurst2008,
  location = {{Birmingham}},
  title = {One More Broken Window: The Impact of the Physical Environment on Schools : A Report for the {{NASUWT}}},
  isbn = {978-1-906611-07-1},
  shorttitle = {One More Broken Window},
  timestamp = {2016-03-21T12:41:02Z},
  langid = {english},
  publisher = {{NASUWT}},
  author = {Broadhurst, Kate and Owen, Katy and Keats, Gemma and Taylor, Emmeline},
  date = {2008}
}

@report{williams2015,
  title = {University of {{Aberdeen}}, {{Dot}}. {{Rural Written Evidence}} to the {{Commons Select Committee Rural Broadband}} and {{Digital}}-Only {{Services Inquiry}} for {{Environment}}, {{Food}} and {{Rural Affairs}} ({{EFRA}})},
  url = {http://aura.abdn.ac.uk/handle/2164/4344},
  timestamp = {2017-05-29T20:04:52Z},
  author = {Williams, Fiona Jayne and Philip, Lorna Jennifer and Farrington, John and Fairhurst, Gorry},
  date = {2015}
}

@article{coleman1968,
  title = {The Concept of Equality of Educational Opportunity},
  volume = {38},
  url = {http://her.hepg.org/index/M3770776577415M2.pdf},
  timestamp = {2017-05-29T19:59:46Z},
  number = {1},
  journaltitle = {Harvard Educational Review},
  author = {Coleman, James},
  date = {1968},
  pages = {7--22}
}

@report{ofcom2013,
  location = {{London}},
  title = {The Availability of Communications Services in the {{UK}}},
  url = {http://stakeholders.ofcom.org.uk/binaries/research/markets-infrastructure/economic-geography.pdf},
  timestamp = {2016-04-07T12:48:40Z},
  institution = {{The Office of Communications}},
  author = {{Ofcom}},
  date = {2013}
}

@report{baars2014,
  location = {{London}},
  title = {Lessons from {{London Schools}}},
  url = {http://www.centreforlondon.org/wp-content/uploads/2016/08/Lessons-from-London-Schools.pdf},
  timestamp = {2017-05-29T20:20:48Z},
  institution = {{CfBT Education Trust}},
  author = {Baars, Sam and Bernardes, Eleanor and Elwick, Alex and Malortie, Abigail and McAleavy, Tony and McInerney, Laura and Menzies, Loic and Riggall, Anna},
  date = {2014},
  pages = {136}
}

@report{departmentforeducation2016a,
  location = {{London}},
  title = {Defining {{Achieving Excellence Areas}}: {{Methodology Guidance Note}}},
  url = {https://www.gov.uk/government/publications/defining-achieving-excellence-areas-methodology},
  timestamp = {2017-05-29T19:56:20Z},
  number = {DFE-00085-2016},
  institution = {{Department for Education}},
  type = {Transparency Data},
  author = {{Department for Education}},
  date = {2016}
}

@book{dewey1916,
  location = {{New York}},
  title = {Democracy and {{Education}}: {{An Introduction}} to the {{Philosophy}} of {{Education}}},
  timestamp = {2017-05-29T19:59:33Z},
  publisher = {{Macmillan}},
  author = {Dewey, John},
  date = {1916},
  note = {00005},
  keywords = {Education Policy Option}
}

@article{maranto2012,
  title = {How {{Do We Get Them}} on the {{Farm}}? {{Efforts}} to {{Improve Rural Teacher Recruitment}} and {{Retention}} in {{Arkansas}}.},
  volume = {34},
  url = {http://eric.ed.gov/?id=EJ1000101},
  shorttitle = {How {{Do We Get Them}} on the {{Farm}}?},
  timestamp = {2017-05-29T20:01:37Z},
  number = {1},
  journaltitle = {Rural Educator},
  author = {Maranto, Robert and Shuls, James V.},
  date = {2012},
  pages = {n1}
}

@article{allen2007,
  title = {Allocating Pupils to Their Nearest School: The Consequences for Ability and Social Stratification},
  volume = {44},
  doi = {10.1080/00420980601184737},
  timestamp = {2016-04-06T14:48:43Z},
  number = {4},
  journaltitle = {Urban Studies},
  author = {Allen, Rebecca},
  date = {2007},
  pages = {751--770}
}

@report{departmentforcommunitiesandlocalgovernment2015,
  location = {{London}},
  title = {The {{English Indices}} of {{Deprivation}} 2015},
  url = {https://www.gov.uk/government/statistics/english-indices-of-deprivation-2015},
  timestamp = {2017-05-29T19:56:09Z},
  series = {English Indices of Deprivation},
  institution = {{Department for Communities and Local Government}},
  type = {Statistical {{Release}}},
  author = {{Department for Communities and Local Government}},
  date = {2015}
}

@inproceedings{luxen2011,
  location = {{New York}},
  title = {Real-Time Routing with {{OpenStreetMap}} Data},
  isbn = {978-1-4503-1031-4},
  url = {http://doi.acm.org/10.1145/2093973.2094062},
  doi = {10.1145/2093973.2094062},
  timestamp = {2016-03-21T12:49:46Z},
  booktitle = {Proceedings of the 19th {{ACM SIGSPATIAL International Conference}} on {{Advances}} in {{Geographic Information Systems}}},
  series = {GIS '11},
  publisher = {{ACM}},
  author = {Luxen, Dennis and Vetter, Christian},
  date = {2011},
  pages = {513--516}
}

@article{walker2010c,
  title = {Parental Choice and the Rural Primary School: {{Lifestyle}}, Locality and Loyalty},
  volume = {26},
  url = {http://linkinghub.elsevier.com/retrieve/pii/S0743016709000710},
  doi = {10.1016/j.jrurstud.2009.12.002},
  shorttitle = {Parental Choice and the Rural Primary School},
  timestamp = {2017-06-02T22:12:14Z},
  langid = {english},
  number = {3},
  journaltitle = {Journal of Rural Studies},
  author = {Walker, Marion and Clark, Gordon},
  date = {2010},
  pages = {241--249}
}

@report{bibby2004,
  location = {{London}},
  title = {Developing a New Classification of Urban and Rural Areas for Policy Purposes–the Methodology},
  url = {https://www.gov.uk/government/uploads/system/uploads/attachment_data/file/239084/2001-rural-urban-definition-methodology-technical.pdf},
  timestamp = {2017-05-29T20:01:58Z},
  institution = {{Department for Environment, Food and Rural Affairs}},
  author = {Bibby, Peter and Shepherd, John},
  date = {2004}
}

@article{bradley2010,
  title = {Diversity, {{Choice}} and the {{Quasi}}-Market: {{An Empirical Analysis}} of {{Secondary Education Policy}} in {{England}}},
  volume = {72},
  issn = {03059049, 14680084},
  url = {http://doi.wiley.com/10.1111/j.1468-0084.2009.00572.x},
  doi = {10.1111/j.1468-0084.2009.00572.x},
  shorttitle = {Diversity, {{Choice}} and the {{Quasi}}-Market},
  timestamp = {2017-05-29T20:00:12Z},
  langid = {english},
  number = {1},
  journaltitle = {Oxford Bulletin of Economics and Statistics},
  author = {Bradley, Steve and Taylor, Jim},
  date = {2010},
  pages = {1--26}
}

@article{hammond1995,
  title = {School Choice in Less Populated Areas},
  volume = {23},
  url = {http://ema.sagepub.com/content/23/2/104.short},
  doi = {10.1177/174114329502300205},
  timestamp = {2017-05-29T20:01:22Z},
  number = {2},
  journaltitle = {Educational Management \& Administration},
  author = {Hammond, Tom and Dennison, Bill},
  date = {1995},
  pages = {104--113}
}

@report{ovenden-hope2015,
  location = {{Plymouth}},
  title = {Coastal {{Academies}}: {{Changing School Cultures}} in {{Disadvantaged Coastal Regions}} in {{England}}},
  url = {https://www.cornwall.ac.uk/sites/default/files/documents/Coastal%20Academies%20Report_2015_final_2%20Tanya%20Ovenden-Hope%20and%20Rowena%20Passy.pdf},
  timestamp = {2016-04-07T12:50:25Z},
  institution = {{Plymouth University and The Cornwall College Group}},
  type = {Research {{Report}}},
  author = {Ovenden-Hope, Tanya and Passy, Rowena},
  date = {2015},
  pages = {41}
}

@article{breen2005,
  title = {Inequality of Opportunity in Comparative Perspective: {{Recent}} Research on Educational Attainment and Social Mobility},
  volume = {31},
  timestamp = {2015-01-08T16:17:55Z},
  journaltitle = {Annual Review of Sociology},
  author = {Breen, Richard and Jonsson, Jan O.},
  date = {2005},
  pages = {223--243},
  note = {00580},
  keywords = {Comparative Studies,Educational Inequality,Education Policy Option,Intergenerational Inheritance,Social Reproduction}
}

@article{midouhas2015,
  title = {Rural/{{Urban Area Differences}} in the {{Cognitive Abilities}} of {{Primary School Children}} in {{England}}: {{Rurality}}/{{Urbanity}} and {{Child Ability}} in {{England}}},
  volume = {21},
  issn = {15448444},
  url = {http://doi.wiley.com/10.1002/psp.1815},
  doi = {10.1002/psp.1815},
  shorttitle = {Rural/{{Urban Area Differences}} in the {{Cognitive Abilities}} of {{Primary School Children}} in {{England}}},
  timestamp = {2017-05-29T20:02:27Z},
  langid = {english},
  number = {2},
  journaltitle = {Population, Space and Place},
  author = {Midouhas, Emily and Flouri, Eirini},
  date = {2015},
  pages = {157--170}
}

@article{mcculloch2001,
  title = {Neighbourhood and Family Influences on the Cognitive Ability of Children in the {{British National Child Development Study}}},
  volume = {53},
  url = {http://www.sciencedirect.com/science/article/pii/S0277953600003622},
  doi = {10.1016/S0277-9536(00)00362-2},
  timestamp = {2017-05-29T20:02:11Z},
  number = {5},
  journaltitle = {Social science \& medicine},
  author = {McCulloch, Andrew and Joshi, Heather E.},
  date = {2001},
  pages = {579--591}
}

@report{theobald2015,
  location = {{London}},
  title = {Isolated Schools: {{Out}} on a Limb},
  url = {http://www.future-leaders.org.uk/documents/195/Isolated_schools_Out_on_a_limb.pdf},
  timestamp = {2017-06-15T14:56:04Z},
  institution = {{Future Leaders Trust}},
  author = {Theobald, Katy and Odell, Evan},
  date = {2015},
  keywords = {other}
}

@book{ukstatisticsauthority2009,
  location = {{London}},
  title = {Code of Practice for Official Statistics},
  isbn = {978-1-85774-902-1},
  timestamp = {2017-01-23T13:13:20Z},
  langid = {english},
  publisher = {{UK Statistics Authority}},
  author = {{UK Statistics Authority}},
  date = {2009},
  note = {OCLC: 913028056}
}

@book{unescoinstituteforstatistics2012,
  location = {{Montreal, Quebec}},
  title = {International Standard Classification of Education: {{ISCED}} 2011},
  isbn = {978-92-9189-123-8},
  shorttitle = {International Standard Classification of Education},
  timestamp = {2017-01-23T13:41:25Z},
  langid = {english},
  publisher = {{UNESCO Institute for Statistics}},
  author = {{UNESCO Institute for Statistics}},
  date = {2012},
  note = {OCLC: 879578739}
}

@book{unescoinstituteforstatistics2015,
  title = {{{ISCED}} 2011 {{Operational Manual}}},
  isbn = {978-92-64-22835-1 978-92-64-22836-8},
  url = {http://www.oecd-ilibrary.org/education/isced-2011-operational-manual_9789264228368-en},
  timestamp = {2017-05-29T19:59:19Z},
  langid = {english},
  publisher = {{OECD Publishing}},
  author = {{UNESCO Institute for Statistics}},
  date = {2015}
}

@book{perera2016,
  location = {{London}},
  title = {Education in {{England}}: Annual Report 2016},
  isbn = {978-1-909274-32-7},
  url = {http://dera.ioe.ac.uk/25940/1/education-in-england-2016-web.pdf},
  shorttitle = {Education in {{England}}},
  timestamp = {2017-05-29T19:59:49Z},
  publisher = {{CentreForum}},
  author = {Perera, Natalie and Treadaway, Mike and Sellen, Peter and Hutchinson, Jo and Johnes, Rebecca and Mao, Lance},
  date = {2016}
}

@book{strand2015a,
  location = {{London}},
  title = {Ethnicity, Deprivation and Educational Achievement at Age 16 in {{England}}: Trends over Time},
  isbn = {978-1-78105-499-4},
  url = {https://www.gov.uk/government/uploads/system/uploads/attachment_data/file/439867/RR439B-Ethnic_minorities_and_attainment_the_effects_of_poverty_annex.pdf.pdf},
  timestamp = {2017-05-29T19:58:32Z},
  publisher = {{Department for Education}},
  author = {Strand, Steve},
  date = {2015}
}

@report{departmentforeducation2016c,
  location = {{London}},
  title = {Revised {{GCSE}} and Equivalent Results in {{England}}, 2014 to 2015: {{Quality}} and Methodology Information},
  url = {https://www.gov.uk/government/uploads/system/uploads/attachment_data/file/493295/SFR01_2016_QualityandMethodology.pdf},
  timestamp = {2017-05-29T19:56:29Z},
  number = {SFR 01/2016},
  series = {Statistics: GCSEs (key stage 4)},
  institution = {{Department for Education}},
  type = {Statistical {{First Release}}},
  author = {{Department for Education}},
  date = {2016}
}

@unpublished{fong2015,
  title = {Covariate {{Balancing Propensity Score}} for {{General Treatment Regimes}}},
  url = {http://imai.princeton.edu/research/files/CBGPS.pdf},
  timestamp = {2017-05-29T19:56:35Z},
  author = {Fong, Christian and Hazlett, Chad and Imai, Kosuke},
  date = {2015},
  groups = {Blog}
}

@book{fong2016,
  title = {{{CBPS}}: {{Covariate Balancing Propensity Score}}},
  url = {https://CRAN.R-project.org/package=CBPS},
  timestamp = {2017-05-29T15:38:54Z},
  author = {Fong, Christian and Ratkovic, Marc and Hazlett, Chad and Yang, Xiaolin and Imai, Kosuke},
  date = {2016}
}

@report{departmentforeducation2017,
  location = {{London}},
  title = {Revised {{GCSE}} and Equivalent Results in {{England}}: 2015 to 2016},
  url = {https://www.gov.uk/government/statistics/revised-gcse-and-equivalent-results-in-england-2015-to-2016},
  timestamp = {2017-06-13T21:45:49Z},
  number = {SFR 03/2017},
  series = {Statistics: GCSEs (key stage 4)},
  institution = {{Department for Education}},
  type = {Statistical {{First Release}}},
  author = {{Department for Education}},
  date = {2017},
  groups = {Blog}
}


